@misc{mozillaiot,
  author = {{Mozilla WebThings}},
  howpublished = "\url{https://iot.mozilla.org/}",
}

@misc{grafana,
  author = {{Grafana}},
  howpublished = "\url{https://grafana.com/}",
}

@misc{influx,
  author = {{InfluxDB 2.0}},
  howpublished = "\url{https://v2.docs.influxdata.com/v2.0/}",
}

@misc{docker,
  author = {{Docker}},
  howpublished = "\url{https://www.docker.com/}",
}

@misc{influxdbBridge,
  author = {{InfluxDB bridge}},
  howpublished = "\url{https://github.com/tim-hellhake/influxdb-bridge}",
}

@misc{arima,
  author = {{Dispense UNIPI}},
  howpublished = "\url{http://users.dma.unipi.it/~flandoli/AUTCap4.pdf}",
}

@article{varma,
    author =       "Massimo Guidolin",
    title =        "Vector Autoregressive Moving Average (VARMA) Models",
    journal =      "Dispense Universit√† Bocconi",
}

@article{hwes,
    author =       "Francesca Mazzucchi",
    title =        "Previsioni robuste con il lisciamento esponenziale ed il metodo di Holt-Winters",
    journal =      "Tesi di laurea di Corso di Laurea Specialistica in Scienze Statistiche"
}
